@misc{solankar,
	author = "Karol{\' i}na Solansk{\' a}",
	title = "\textit{Children Usability Lab -- aplikace pro spr{\' a}vu laborato{\v r}e}",
	note = "Bakal{\' a}{\v r}ska pr{\' a}ce. Praha: {\v C}esk{\' e} vysok{\' e} u{\v c}en{\' i} technick{\' e} v Praze, Fakulta informa{\v c}n{\' i}ch technologi{\' i}, 2016."
}

@ONLINE{grasp,
	author = "David Duncan",
	title = "GRASP Patterns {[online]}",
	month = november,
	year = "2012",
	note = "[cit. 2018-03-08]",
	url = "http://www.cs.colorado.edu/~kena/classes/5448/f12/presentation-materials/duncan.pdf"
}

@misc{sagelab,
	title = "SAGELab -- Síťová multimediální laboratoř {[online]}",
	note = "[cit. 2018-03-08]",
	url = "https://sagelab.cesnet.cz/"
}
@MISC{nur,
	author = {Pavel Žikovský},
	title = {MI-NUR -- Přednáška č.2 -- Návrh UI, prototypy.},
	year = {{2015}},
	note = {[cit. 2018-04-09]}
}

@ONLINE{fowlerCI,
	author = "Martin Fowler",
	title = "Continuous Integration {[online]}",
	year = "2016",
	month = "May",
	note = "[cit. 2018-04-30]",
	url = "https://martinfowler.com/articles/continuousIntegration.html"
}

@BOOK{postgresql,
	title = "PostgreSQL Development Essentials",
	author = "Baji Shaik and Manpreet Kaur",
	publisher = "Packt Publishing",
	year = "2016",
	ISBN="9781783989003"
}

@BOOK{gitlab,
	title = "GitLab Cookbook",
	author = "Jeroen van Baarsen",
	publisher = "Packt Publishing",
	year = "2014",
	ISBN="9781783986842"
}

@BOOK{rybicka,
	title = "LaTeX pro za\v c\'ate\v cn\'\i{}ky",
	author = "Ji{\v r}{\' i} Rybi{\v c}ka",
	isbn = "80-7302-049-1",
	publisher = "Brno: Konvoj",
	edition = "3"
}

@misc{ultragrid,
	title = "Ultragrid {[online]}",
	note = "Software for low latency and high-quality video network transmissions. [cit. 2018-03-12]",
	url = "http://www.ultragrid.cz/"
}

@misc{videojs,
	title = "VideoJS -- The Player Framework {[online]}",
	note = "[cit. 2018-03-12]",
	url = "https://videojs.com/"
}

@misc{ffmpeg,
	title = "FFmpeg {[online]}",
	note = "[cit. 2018-03-13]",
	url = "https://www.ffmpeg.org/about.html"
}

@misc{obs_doc,
	title = "Open Broadcaster Software -- Documentation {[online]}",
	note = "[cit. 2018-03-13]",
	url = "https://obsproject.com/docs/"
}

@misc{afterglow,
	title = "Afterglow player {[online]}",
	note = "[cit. 2018-03-14]",
	url = "http://afterglowplayer.com/"
}

@misc{afterglow_doc,
	title = "Afterglow player -- Documentation {[online]}",
	note = "[cit. 2018-03-14]",
	url = "http://docs.afterglowplayer.com/"
}

@misc{mm,
	title = "Movie Masher -- Website {[online]}",
	note = "Open source online video editor and encoding API. [cit. 2018-03-14]",
	url = "http://moviemasher.com"
}

@misc{mm_azure,
	title = "Microsoft Azure Marketplace -- Movie Masher {[online]}",
	note = "[cit. 2018-03-14]",
	url = "https://azuremarketplace.microsoft.com/en-gb/marketplace/apps/moviemasher.moviemasher"
}

@misc{gstreamer,
	title = "GStreamer -- Open source multimedia framework {[online]}",
	note = "[cit. 2018-03-14]",
	url = "https://gstreamer.freedesktop.org/"
}

@misc{yuri,
    title = {Yuri [projects.iim.cz] [online]},
    OPTmonth = November,
    year = 2013,
	note = "[cit. 2018-03-11]",
    url = {http://projects.iim.cz/yuri}
}
@BOOK{kobltypo,
	title = "Praktick{\' a} typografie",
	author = "Pavel Ko{\v c}i{\v c}ka and Filip Bla{\v z}ek",
	publisher = "Brno: Computer Press",
	year = "2004"
}